<?xml version="1.0" encoding="UTF-8"?><collection xmlns="http://www.loc.gov/MARC21/slim"><record><leader>00372nam--2200133-i-4500</leader><controlfield tag="001">000041190</controlfield><controlfield tag="002">20161230</controlfield><controlfield tag="005">20161230201043</controlfield><controlfield tag="008">060222s1000------------r-----000-0-eng-d</controlfield><datafield ind1=" " ind2=" " tag="080"><subfield code="a">530.1(09)</subfield></datafield><datafield ind1=" " ind2=" " tag="100"><subfield code="a">Segre, Emilio</subfield></datafield><datafield ind1=" " ind2=" " tag="245"><subfield code="a">From x-rays to quarks. modern physicists and their discoveries</subfield></datafield><datafield ind1=" " ind2=" " tag="260"><subfield code="a">San Francisco, W.H.Freeman And Co., 1980, Ix+335p</subfield></datafield><datafield ind1=" " ind2=" " tag="852"><subfield code="a">49251</subfield></datafield></record></collection>